@article{LethamRuMcMa15,
    author    = "Benjamin Letham and Cynthia Rudin and Tyler H. McCormick and David Madigan",
    title     = {Interpretable classifiers using rules and {B}ayesian analysis: {B}uilding a better stroke prediction model},
   journal="Annals of Applied Statistics",
     year      = "2015",
     volume = "9",
     number="3",
     pages={1350--1371}
}

@article{YangRuSe16,
    title={Scalable {B}ayesian Rule Lists},
    author="Hongyu Yang and Cynthia Rudin and Margo Seltzer",
    journal={Preprint at arXiv:1602.08610},
    year={2016}
}
